@BOOK{fis,
author = {Larrondo, H., Avalos,D.},
year = 2000,
title = {Ondulatoria Elemental},
journal = {Argentina},
volume = 1,
pages = {5.3,5.7},
}
